@online{schwab_developer,
  author    = {{Charles Schwab Corporation}},
  title     = {Charles Schwab Developer},
  year      = {2024},
  url       = {https://developer.schwab.com/},
  urldate   = {2024-11-09}
}

@online{schwab_api,
  author    = {{Charles Schwab Corporation}},
  title     = {Market Data Production},
  year      = {2024},
  url       = {https://developer.schwab.com/products/trader-api--individual/details/specifications/Market%20Data%20Production},
  urldate   = {2024-11-09}
}

@online{schwabdev,
  author    = {Tyler E. Bowers},
  title     = {Schwab-API-Python},
  year      = {2024},
  url       = {https://github.com/tylerebowers/Schwab-API-Python/tree/main},
  urldate   = {2024-11-09}
}

@online{optlib,
  author    = {Davis W. Edwards, Daniel Bartolome, Michael J. Clark, and Charles Augello},
  title     = {Optlib},
  year      = {2017},
  url       = {https://github.com/dbrojas/optlib/tree/master},
  urldate   = {2024-11-09}
}
